<?xml version="1.0" encoding="UTF-8"?><collection xmlns="http://www.loc.gov/MARC21/slim"><record><leader>00554nam--2200193-u-4500</leader><controlfield tag="001">000054845</controlfield><controlfield tag="002">20161230</controlfield><controlfield tag="005">20161230201051</controlfield><controlfield tag="008">120621s1000------------r-----000-0-rum-d</controlfield><datafield ind1=" " ind2=" " tag="040"><subfield code="a">IFIN-HH</subfield></datafield><datafield ind1=" " ind2=" " tag="041"><subfield code="a">rum</subfield></datafield><datafield ind1=" " ind2=" " tag="080"><subfield code="a">539.17(043)</subfield></datafield><datafield ind1="1" ind2=" " tag="100"><subfield code="a">Petrovici, M</subfield></datafield><datafield ind1="1" ind2="0" tag="245"><subfield code="a">Procese intermediare in reactii nucleare</subfield><subfield code="b">Teza</subfield><subfield code="c">Mihai petrovici</subfield></datafield><datafield ind1=" " ind2=" " tag="260"><subfield code="a">Bucuresti</subfield><subfield code="b">Comitetul De Stat Pentru Energia Nucleara</subfield><subfield code="c">1983</subfield></datafield><datafield ind1=" " ind2=" " tag="300"><subfield code="a">118P</subfield></datafield><datafield ind1=" " ind2=" " tag="502"><subfield code="a">Conducator Stiintific: Prof.Dr. M. Petrascu</subfield></datafield><datafield ind1=" " ind2=" " tag="852"><subfield code="a">70527</subfield><subfield code="c">539.17</subfield></datafield><datafield ind1=" " ind2=" " tag="CAT"><subfield code="a">Sys</subfield><subfield code="c">20120621</subfield><subfield code="h">115448</subfield></datafield></record></collection>